%% Shorts -- Abstracts, Posters, Workshop Papers, etc. 
@article{sunbelt,
   author={{\textbf{Matt Piekenbrock}} and Derek Doran},
   title={Exploring Information-Optimal Network Discretization for Dynamic Network Analysis},
   journal={Sunbelt Social Networks Conference of the International Network for Social Network Analysis},
   year={2016},
   pages={262}, 
   howpublished = "\url{http://insna.org/sunbelt2016/wp-content/uploads/2015/09/Sunbelt2016abstracts.pdf/}"
}
@inproceedings{maurice2015waminet,
  title={WAMINet: An Open Source Library for Dynamic Geospace Analysis Using WAMI},
  author={Matthew Maurice and {\textbf{Matt Piekenbrock}} and Derek Doran},
  booktitle={Multimedia (ISM), 2015 IEEE International Symposium on},
  pages={445--448},
  year={2015},
  organization={IEEE}
}


@article{mapperext,
  title={Efficient Multi-Scale Simplicial Complex Generation for Mapper},
  author={{\textit{(In Development)}}: {\textbf{Matt Piekenbrock}} and Derek Doran and Ryan Kramer}, 
  journal={SIAM Journal on Applied Algebra and Geometry},
  note="Draft version available after: \url{http://mattpiekenbrock.com/resources/indexed_mapper.pdf}",
  year={2018}
}

@article{poi_paper,
  title={Intrinsic Point of Interest Discovery from Trajectory Data},
  author= {\textbf{Matt Piekenbrock} and Derek Doran},
  journal={arXiv preprint arXiv:1712.05247},
  year={2017}
}

%% Articles -- Full Research track papers, Journals, etc. 
@inproceedings{robinson2017seasonality,
  title={Seasonality in dynamic stochastic block models},
  author={Jace Robinson and Derek Doran},
  booktitle={Proceedings of the International Conference on Web Intelligence},
  pages={976--979},
  year={2017},
  organization={ACM}
}

@inproceedings{robinson2016parallelized,
  title={Parallelized Iterative Closest Point for Autonomous Aerial Refueling},
  author={Jace Robinson and {\textbf{Matt Piekenbrock}} Lee Burchett and Scott Nykl and Brian Woolley and Andrew Terzuoli},
  booktitle={International Symposium on Visual Computing},
  pages={593--602},
  year={2016},
  organization={Springer International Publishing}
}

@inproceedings{piekenbrock2016automated,
  title={Automated aerial refueling: Parallelized 3D iterative closest point: Subject area: Guidance and control},
  author={{\textbf{Matt Piekenbrock}} and Jace Robinson and Lee Burchett and Scott Nykl and Brian Woolley and Andrew Terzuoli},
  booktitle={Aerospace and Electronics Conference (NAECON) and Ohio Innovation Summit (OIS), 2016 IEEE National},
  pages={188--192},
  year={2016},
  organization={IEEE}
}

%% JSS  
@article{hahslerdbscan,
  title={dbscan: Fast Density-based Clustering with \uppercase{R}},
  author={{\textit{(Under Review)}} Michael Hahsler and {\textbf{Matt Piekenbrock}} and Derek Doran}, 
  journal={Journal of Statistical Software},
  year={2016}
}

%% Package 
@article{hahsler2017dbscan,
  title={dbscan: Density Based Clustering of Applications with Noise (DBSCAN) and Related Algorithms},
  author={Michael Hahsler and {\textbf{Matt Piekenbrock}}},
  journal={R package version},
  pages={1--0},
  year={2017}
}


