
@inproceedings{ghorbani2019investigation,
  title={An investigation into neural net optimization via hessian eigenvalue density},
  author={Ghorbani, Behrooz and Krishnan, Shankar and Xiao, Ying},
  booktitle={International Conference on Machine Learning},
  pages={2232--2241},
  year={2019},
  organization={PMLR}
}
@article{ubaru2017fast,
  title={Fast estimation of approximate matrix ranks using spectral densities},
  author={Ubaru, Shashanka and Saad, Yousef and Seghouane, Abd-Krim},
  journal={Neural computation},
  volume={29},
  number={5},
  pages={1317--1351},
  year={2017},
  publisher={MIT Press}
}
@inproceedings{musco2018stability,
  title={Stability of the Lanczos method for matrix function approximation},
  author={Musco, Cameron and Musco, Christopher and Sidford, Aaron},
  booktitle={Proceedings of the Twenty-Ninth Annual ACM-SIAM Symposium on Discrete Algorithms},
  pages={1605--1624},
  year={2018},
  organization={SIAM}
}
@article{saad1987lanczos,
  title={On the Lanczos method for solving symmetric linear systems with several right-hand sides},
  author={Saad, Youcef},
  journal={Mathematics of computation},
  volume={48},
  number={178},
  pages={651--662},
  year={1987}
}
@article{lanczos1950iteration,
  title={An iteration method for the solution of the eigenvalue problem of linear differential and integral operators},
  author={Lanczos, Cornelius},
  year={1950},
  publisher={United States Governm. Press Office Los Angeles, CA}
}
@article{feng2008numerical,
  title={The numerical rank of a matrix and its applications},
  author={Feng, Xinlong and He, Yinnian and Zhang, Zhinan},
  journal={Applied mathematics and computation},
  volume={196},
  number={1},
  pages={416--421},
  year={2008},
  publisher={Elsevier}
}
@book{golub2009matrices,
  title={Matrices, moments and quadrature with applications},
  author={Golub, Gene H and Meurant, G{\'e}rard},
  volume={30},
  year={2009},
  publisher={Princeton University Press}
}
@article{parlett1993we,
  title={Do we fully understand the symmetric Lanczos algorithm yet},
  author={Parlett, Beresford N},
  journal={Brown et al},
  volume={3},
  pages={93--107},
  year={1993}
}